@article{sasaki2007truth,
  title={The truth of the F-measure},
  author={Sasaki, Yutaka},
  journal={Teach Tutor mater},
  volume={1},
  number={5},
  pages={1--5},
  year={2007}
}

@article{joshi2016accuracy,
  title={Accuracy Precision Recall F1 Score: Interpretation of Performance Measures},
  author={Joshi, Renuka},
  journal={Retrieved April},
  volume={1},
  pages={2018},
  year={2016}
}

xxxxxxx
@misc{a,
	author = "{Carnegie Mellon University}",
	title = "{code2vec-c}",
	howpublished = "\url{https://github.com/cmu-sei/code2vec-cs}",
	year = 2019,
}

@webpage{code2vec-c,
	author =	"{Software Engineering Institute}",
	title =		"code2vec-c",
	organization =	"Carnegie Mellon University",
	url =	"https://github.com/cmu-sei/code2vec-c",
	refdate =	"2019"}

@inproceedings{vassilev2015clad,
  title={Cladâ€”automatic differentiation using Clang and LLVM},
  author={Vassilev, V and Vassilev, M and Penev, A and Moneta, L and Ilieva, V},
  booktitle={Journal of Physics: Conference Series},
  volume={608},
  number={1},
  pages={012055},
  year={2015},
  organization={IOP Publishing}
}

xxxxxxx
@article{lattner2007clang,
  title={clang: a C language family frontend for LLVM},
  author={Lattner, Chris and others},
  journal={Website},
  year={2007}
}

xxxxxxx
@inproceedings{ramos2003using,
  title={Using tf-idf to determine word relevance in document queries},
  author={Ramos, Juan and others},
  booktitle={Proceedings of the first instructional conference on machine learning},
  volume={242},
  pages={133--142},
  year={2003},
  organization={Piscataway, NJ}
}

@article{zhang2011comparative,
  title={A comparative study of TF* IDF, LSI and multi-words for text classification},
  author={Zhang, Wen and Yoshida, Taketoshi and Tang, Xijin},
  journal={Expert Systems with Applications},
  volume={38},
  number={3},
  pages={2758--2765},
  year={2011},
  publisher={Elsevier}
}

@article{alon2019code2vec,
  title={code2vec: Learning distributed representations of code},
  author={Alon, Uri and Zilberstein, Meital and Levy, Omer and Yahav, Eran},
  journal={Proceedings of the ACM on Programming Languages},
  volume={3},
  number={POPL},
  pages={40},
  year={2019},
  publisher={ACM}
}

xxxxxxx
@article{rong2014word2vec,
  title={word2vec parameter learning explained},
  author={Rong, Xin},
  journal={arXiv preprint arXiv:1411.2738},
  year={2014}
  }

  @article{lian2015exploration,
  title={Exploration of the Working Principle and Application of Word2vec},
  author={Lian, Zhou},
  journal={Sci-Tech Information Development \& Economy},
  volume={2},
  pages={145--148},
  year={2015}
}

@book{companion,
	author =	"Michael Goossens and Frank Mittelbach and
			 Alexander Samarin",
	title =		"The LaTeX Companion",
	publisher =	"Addison Wesley",
	address =	"Reading, Massachusetts",
	year =		1993}
@book{latex,
	author =	"Leslie Lamport",
	title =		"A Document Preparation System {\LaTeX} User's Guide
			 \& Reference Manual",
	publisher = 	"Addison Wesley",
	address = 	"Reading, Massachusetts",
	year =		1986}
@article{article1,
	author =	"Ssss Itoh and Nnnn Goto",
	title =		"An Adaptive Noiseless Coding for Sources with Big
			 Alphabet Size",
	journal =	"Trans. IEICE",
	volume =	"E74",
	number =	9,
	pages =		"2495--2503",
	year =		1991,
	month =		sep}
@article{article2,
	author =	"K. Abrahamson and N. Dadoun and " #
			"D. G. Kirkpatrick and T. Przytycka",
	title =		"A Simple Parallel Tree Contraction Algorithm",
	journal =	"J. Algorithms",
	volume =	10,
	number =	2,
	pages =		"287--302",
	year =		1989}
@article{article3,
	author =	"T. Yamakami",
	title =		"Exploratory Session Analysis in the Mobile
			 Clickstream",
	journal =	"IPSJ Digital Courier",
	volume =	3,
	pages =		"14-20",
	doi =		"10.2197/ipsjdc.3.14",
	year =		2007}

@book{book1,
	author =	"J. D. Foley and others",
	title =		"Computer Graphics --- Principles and Practice",
	series =	"System Programming Series",
	publisher =	"Addison-Wesley",
	address =	"Reading, Massachusetts",
	edition =	"2nd",
	year =		1990}
@book{book2,
	author =	"Chang, C. L. and Lee, R. C. T.",
	title =		"Symbolic Logic and Mechanical Theorem Proving",
	publisher =	"Academic Press",
	address =	"New York",
	year =		1973}

@booklet{booklet1,
	author =	"{Institute for New Generation Computer Technology}",
	title =		"Overview of the Fifth Generation Computer Project",
	howpublished =	"distributed in {FGCS'92}",
	year =		1992,
	note =		"(in Japanese)"}

@inbook{inbook1,
	author =	"Knuth, D. E.",
	title =		"Fundamental Algorithms",
	series =	"Art of Computer Programming",
	volume =	1,
	chapter =	2,
	pages =		"371--381",
	publisher =	"Addison-Wesley",
	address =	"Reading, Massachusetts",
	edition =	"2nd",
	year =		1973}

@incollection{incollection1,
	author =	"Schwartz, Aaaa Jjjj",
	title =		"Subdividing B{\'e}zier Curves and Surfaces",
	booktitle =	"Geometric Modeling: Algorithms and New Trends",
	editor =	"Farin, G. E.",
	publisher =	"SIAM",
	address =	"Philadelphia",
	pages =		"55--66",
	year =		1987}

@inproceedings{inproceedings1,
	author =	"Baraff, D",
	title =		"Curved Surfaces and Coherence for Non-penetrating
			 Rigid Body Simulation",
	booktitle =	"SIGGRAPH '90 Proceedings",
	pages =		"19--28",
	editor =	"Beach, R. J.",
	address =	"Dallas, Texas",
	organization =	"ACM",
	publisher =	"Addison-Wesley",
	year =		1990}

@inproceedings{inproceedings2,
	author =	"Hiroshi Nakashima and others",
	title =		"OhHelp: A Scalable Domain-Decomposing Dynamic
			 Load Balancing for Particle-in-Cell Simulations",
	booktitle =	"Proc.\ Intl.\ Conf. Supercomputing",
	year =		2009,
	pages =		"90-99",
	doi =		"http://doi.acm.org/10.1145/1542275.1542293"}

@manual{manual1,
	organization =	"Adobe Systems Inc.",
	title =		"PostScript Language Reference Manual",
	publisher =	"Addison-Wesley",
	address =	"Reading, Massachusetts",
	year =		1985}

@mastersthesis{mastersthesis1,
	author =	"Kazuhiro Ohno",
	title =		"Efficient Message Communication of Concurrent Logic
			 Programming Language KL1 Based on Static Analysis",
	school =	"Dept. Information Science, Kyoto University",
	year =		1995}

@misc{misc1,
	author =	"Yasuki Saito and Hiroshi Nakashima",
	title =		"{{\tt ipsjpapers.sty}}",
	note =		"(Style file for Trans. IPSJ distributed to authors.)",
	year =		1995}

@phdthesis{phdthesis1,
	author =	"Weihl, W.",
	title =		"Specification and Implementation of
			 Atomic Data Types",
	school =	"MIT",
	address =	"Boston",
	year =		1984}

@proceedings{proceedings1,
	title =		"Proc. Intl. Conf. on Fifth Generation Computer
			 Systems",
	organization =	"Institute for New Generation Computer Technology",
	volume =	1,
	year =		1992}

@techreport{WarD:WAM-1,
	author =	"David H. D. Warren",
	title =		"An Abstract {Prolog} Instruction Set",
	type =		"Technical Report",
	number =	309,
	institution =	"Artificial Intelligence Center, SRI International",
	year =		1983,
	month =		oct}

@unpublished{unpublished,
	author =	"{Editorial Board of Trans. IPSJ}",
	title =		"How to Typeset Your Papers in {\LaTeX} (Version 1)",
	note =		"(distributed to authors)",
	year =		1995}

@webpage{webpage1,
	author =	"Alan Kay",
	title =		"Welcome to Squeakland",
	organization =	"Squeakland",
	url =	"http://www.squeakland.org/community/biography/alanbio.html",
	refdate =	"2007-04-05"}

@webpage{webpage2,
	author =	"Hiroshi Nakashima",
	title =		"A {WEB} Page",
	organization =	"Kyoto University",
	url =	"http://www.para.media.kyoto-u.ac.jp/~nakashima/a.web.page.of.long.url/",
	refdate =	"2010-10-30"}

@webpage{webpage3,
	author =	"Hiroshi Nakashima",
	title =		"Another {WEB} Page",
	organization =	"Kyoto University",
	url =	"http://www.para.media.kyoto-u.ac.jp/~nakashima/a.web.page.of.much.longer.url/",
	refdate =	"2010-10-30"}
